<record><leader>01256cam a2200373 a 4500</leader><controlfield tag="001">1313288</controlfield><controlfield tag="008">900816s1985    enka     b      1 0 eng c</controlfield><datafield ind1=" " ind2=" " tag="020"><subfield code="a">0946112134</subfield></datafield><datafield ind1=" " ind2=" " tag="035"><subfield code="a">ocm15249722</subfield></datafield><datafield ind1=" " ind2=" " tag="040"><subfield code="b">eng</subfield></datafield><datafield ind1=" " ind2=" " tag="049"><subfield code="a">AEU</subfield><subfield code="b">eng</subfield></datafield><datafield ind1=" " ind2="3" tag="055"><subfield code="a">HV 1569.5</subfield><subfield code="b">P467 1985</subfield></datafield><datafield ind1=" " ind2="4" tag="060"><subfield code="a">W 26</subfield></datafield><datafield ind1="0" ind2=" " tag="090"><subfield code="a">HV 1569.5 P467 1985</subfield></datafield><datafield ind1="0" ind2="0" tag="245"><subfield code="a">Personal care /</subfield><subfield code="c">editors, G.M. Cochrane, E.R. Wilshere ; researchers, H.M. Grime ... [et al.].</subfield></datafield><datafield ind1=" " ind2=" " tag="250"><subfield code="a">5th ed.</subfield></datafield><datafield ind1=" " ind2=" " tag="260"><subfield code="a">Oxford :</subfield><subfield code="b">Oxfordshire Health Authority,</subfield><subfield code="c">1985.</subfield></datafield><datafield ind1=" " ind2=" " tag="300"><subfield code="a">58 p. :</subfield><subfield code="b">ill. ;</subfield><subfield code="c">30 cm.</subfield></datafield><datafield ind1=" " ind2=" " tag="336"><subfield code="a">text</subfield><subfield code="b">txt</subfield><subfield code="2">rdacontent</subfield></datafield><datafield ind1=" " ind2=" " tag="337"><subfield code="a">unmediated</subfield><subfield code="b">n</subfield><subfield code="2">rdamedia</subfield></datafield><datafield ind1=" " ind2=" " tag="338"><subfield code="a">volume</subfield><subfield code="b">nc</subfield><subfield code="2">rdacarrier</subfield></datafield><datafield ind1="1" ind2=" " tag="490"><subfield code="a">Equipment for the disabled</subfield></datafield><datafield ind1=" " ind2=" " tag="500"><subfield code="a">Includes index.</subfield></datafield><datafield ind1=" " ind2=" " tag="504"><subfield code="a">Bibliography: p. 52.</subfield></datafield><datafield ind1=" " ind2=" " tag="596"><subfield code="a">42</subfield></datafield><datafield ind1=" " ind2="2" tag="650"><subfield code="a">Equipment and Supplies.</subfield></datafield><datafield ind1=" " ind2="2" tag="650"><subfield code="a">Disabled Persons.</subfield></datafield><datafield ind1=" " ind2="0" tag="650"><subfield code="a">People with disabilities</subfield><subfield code="x">Health and hygiene.</subfield></datafield><datafield ind1=" " ind2="0" tag="650"><subfield code="a">Self-care devices for the disabled.</subfield></datafield><datafield ind1="1" ind2=" " tag="700"><subfield code="a">Wilshere, E. R.</subfield></datafield><datafield ind1="1" ind2=" " tag="700"><subfield code="a">Cochrane, G. M.</subfield></datafield><datafield ind1="2" ind2=" " tag="710"><subfield code="a">Oxfordshire Area Health Authority.</subfield></datafield><datafield ind1=" " ind2="0" tag="830"><subfield code="a">Equipment for the disabled (Series)</subfield></datafield><datafield ind1=" " ind2=" " tag="926"><subfield code="a">HV 1569.5 P467 1985</subfield><subfield code="w">LC</subfield><subfield code="c">1</subfield><subfield code="i">000033766130</subfield><subfield code="d">3/20/1996</subfield><subfield code="l">ON_SHELF</subfield><subfield code="m">UAHLTHSC</subfield><subfield code="n">3</subfield><subfield code="p">$150.00</subfield><subfield code="r">Y</subfield><subfield code="s">Y</subfield><subfield code="t">BOOK</subfield><subfield code="u">9/7/1990</subfield></datafield></record>